@article{Lendl_1948a,
    title = {Rolled Bars - Part I - Calculation of Spread between non parallel roll surfaces},
    volume = {21},
    number = {14},
    journal = {Iron and Steel},
    author = {Lendl, A. E.},
    year = {1948},
    pages = {397–402},
}

@article{Lendl_1948b,
    title = {Rolled Bars - Part II - Application of Spread Calculation to Pass Design},
    volume = {21},
    ISSN = {0021-1532},
    number = {14},
    journal = {Iron and Steel},
    author = {Lendl, A. E.},
    year = {1948},
    pages = {601–604},
}

@article{Lendl_1949,
    title = {Rolled Bars - Part III - Application of Spread Calculation to Diamond Passes},
    volume = {22},
    ISSN = {0021-1532},
    number = {12},
    journal = {Iroan and Steel},
    author = {Lendl, A. E.},
    year = {1949},
    pages = {499–501}
}

@Software{shapely2007,
    author = {Sean Gillies and others},
    organization = {toblerity.org},
    title = {Shapely: manipulation and analysis of geometric objects},
    year = {2007},
    url = "https://github.com/Toblerity/Shapely"
}

@article{Mauk_Kopp_1982,
    title = {Breitung beim Warmwalzen},
    volume = {37},
    journal = {Der Kalibreur},
    author = {Mauk, P. J. and Kopp, R.},
    year = {1982},
}

@article{Overhagen2014,
    title = {A {{New Rolling Model}} for {{Three-Roll Rolling Mills}}},
    author = {Overhagen, Christian and Mauk, Paul Josef},
    date = {2014-09},
    journaltitle = {Key Engineering Materials},
    volume = {622--623},
    pages = {879--886},
    publisher = {{Trans Tech Publications, Ltd.}},
    doi = {10.4028/www.scientific.net/KEM.622-623.879}
}
